<record><leader>00000cas a22000007a 4500</leader><controlfield tag="001">35187211</controlfield><controlfield tag="008">960805d18981905nbuwr ne      0    0eng d</controlfield><datafield ind1=" " ind2=" " tag="010"><subfield code="a">sn 96080164 </subfield></datafield><datafield ind1=" " ind2=" " tag="040"><subfield code="a">NVG</subfield><subfield code="b">eng</subfield><subfield code="c">NVG</subfield><subfield code="d">OCL</subfield><subfield code="d">OCLCQ</subfield><subfield code="d">OCLCF</subfield><subfield code="d">OCLCO</subfield></datafield><datafield ind1=" " ind2=" " tag="042"><subfield code="a">msc</subfield></datafield><datafield ind1=" " ind2=" " tag="043"><subfield code="a">n-us-nb</subfield></datafield><datafield ind1="0" ind2=" " tag="130"><subfield code="a">Excelsior (Omaha, Neb. : 1898)</subfield></datafield><datafield ind1="1" ind2="4" tag="245"><subfield code="a">The excelsior.</subfield></datafield><datafield ind1="1" ind2="7" tag="246"><subfield code="a">Omaha excelsior</subfield><subfield code="f">Feb. 4, 1899-1905</subfield></datafield><datafield ind1=" " ind2=" " tag="260"><subfield code="a">Omaha, Neb. :</subfield><subfield code="b">C. Chase,</subfield><subfield code="c">1898-1905.</subfield></datafield><datafield ind1=" " ind2=" " tag="300"><subfield code="a">7 v. :</subfield><subfield code="b">ill., ports.</subfield></datafield><datafield ind1=" " ind2=" " tag="310"><subfield code="a">Weekly</subfield></datafield><datafield ind1="0" ind2=" " tag="362"><subfield code="a">Vol. 20, no. 1 (Sept. 3, 1898)-v. 26, no. 2 (Jan. 14, 1905).</subfield></datafield><datafield ind1=" " ind2=" " tag="515"><subfield code="a">Issues for Sept. 1903-Aug. 1905 called v. 26-27, but constitute v. 25-26.</subfield></datafield><datafield ind1=" " ind2="0" tag="651"><subfield code="a">Omaha (Neb.)</subfield><subfield code="v">Newspapers.</subfield></datafield><datafield ind1=" " ind2="7" tag="655"><subfield code="a">Newspapers.</subfield><subfield code="2">fast</subfield><subfield code="0">(OCoLC)fst01423814</subfield></datafield><datafield ind1=" " ind2="7" tag="651"><subfield code="a">Nebraska</subfield><subfield code="z">Omaha.</subfield><subfield code="2">fast</subfield><subfield code="0">(OCoLC)fst01204995</subfield></datafield><datafield ind1=" " ind2=" " tag="752"><subfield code="a">United States</subfield><subfield code="b">Nebraska</subfield><subfield code="c">Douglas</subfield><subfield code="d">Omaha.</subfield></datafield><datafield ind1="1" ind2=" " tag="776"><subfield code="c">Microfilm</subfield><subfield code="d">Nebraska State Historical Society</subfield><subfield code="w">(DLC)sn 94056216</subfield></datafield><datafield ind1="0" ind2="0" tag="780"><subfield code="t">Omaha excelsior</subfield></datafield><datafield ind1="0" ind2="0" tag="785"><subfield code="t">Omaha excelsior (Omaha, Neb. : 1905)</subfield><subfield code="w">(DLC)sn 96080165</subfield></datafield></record>